<record xmlns="http://www.loc.gov/MARC21/slim" xmlns:xsi="http://www.w3.org/2001/XMLSchema-instance" xsi:schemaLocation="http://www.loc.gov/MARC21/slim http://www.loc.gov/standards/marcxml/schema/MARC21slim.xsd">

  <leader>00591nam a2200181Ia 4500</leader>
  <datafield ind2=" " tag="999" ind1=" ">
    <subfield code="c">21</subfield>
    <subfield code="d">21</subfield>
  </datafield>
  <controlfield tag="008">150714b        us ||||| |||| 00| | eng d</controlfield>
  <datafield ind1=" " tag="020" ind2=" ">
    <subfield code="a">0672328089</subfield>
  </datafield>
  <datafield tag="090" ind1=" " ind2=" ">
    <subfield code="a">08.15.02  </subfield>
    <subfield code="b">1517 CD #138</subfield>
  </datafield>
  <datafield ind2=" " tag="100" ind1="1">
    <subfield code="a">Perry, Greg</subfield>
    <subfield code="9">280</subfield>
  </datafield>
  <datafield ind2="0" tag="245" ind1="1">
    <subfield code="a">OpenOffice.org2, Firefox and Thunderbird for Windows / </subfield>
    <subfield code="c">Greg Perry, M.T Cazzola, Jennifer Fulton</subfield>
  </datafield>
  <datafield tag="260" ind1=" " ind2=" ">
    <subfield code="a">Estados Unidos de América : </subfield>
    <subfield code="b">Sams Publishim, </subfield>
    <subfield code="c">sin fecha</subfield>
  </datafield>
  <datafield ind2=" " ind1=" " tag="300">
    <subfield code="a">590 páginas</subfield>
  </datafield>
  <datafield tag="500" ind1=" " ind2=" ">
    <subfield code="a">Incluye CD</subfield>
  </datafield>
  <datafield ind2="0" ind1=" " tag="650">
    <subfield code="9">1302</subfield>
    <subfield code="a">PROGRAMAS DE COMPUTADORA</subfield>
  </datafield>
  <datafield tag="700" ind1="1" ind2=" ">
    <subfield code="a">Cazzola, M.T  </subfield>
    <subfield code="9">281</subfield>
  </datafield>
  <datafield ind2=" " ind1="1" tag="700">
    <subfield code="a">Fulton, Jennifer</subfield>
    <subfield code="9">282</subfield>
  </datafield>
  <datafield tag="942" ind1=" " ind2=" ">
    <subfield code="2">z</subfield>
    <subfield code="c">01</subfield>
  </datafield>
</record>